<?xml version="1.0" encoding="UTF-8"?><record xmlns="http://www.loc.gov/MARC21/slim" xmlns:cinclude="http://apache.org/cocoon/include/1.0" xmlns:zs="http://www.loc.gov/zing/srw/">
  <leader>00774nz  a2200181n  4500</leader>
  <controlfield tag="001">no2015010089</controlfield>
  <controlfield tag="003">DLC</controlfield>
  <controlfield tag="005">20150124073619.0</controlfield>
  <controlfield tag="008">150123n| azannaabn          |n ana     c</controlfield>
  <datafield tag="010" ind1=" " ind2=" ">
    <subfield code="a">no2015010089</subfield>
  </datafield>
  <datafield tag="035" ind1=" " ind2=" ">
    <subfield code="a">(OCoLC)oca10069107</subfield>
  </datafield>
  <datafield tag="040" ind1=" " ind2=" ">
    <subfield code="a">WaU</subfield>
    <subfield code="b">eng</subfield>
    <subfield code="e">rda</subfield>
    <subfield code="c">WaU</subfield>
  </datafield>
  <datafield tag="110" ind1="2" ind2=" ">
    <subfield code="a">Đảng cộng sản Việt Nam.</subfield>
    <subfield code="b">Đảng bộ xã Long Xuyên (Hanoi, Vietnam)</subfield>
  </datafield>
  <datafield tag="368" ind1=" " ind2=" ">
    <subfield code="a">Communist parties</subfield>
    <subfield code="2">lcsh</subfield>
  </datafield>
  <datafield tag="370" ind1=" " ind2=" ">
    <subfield code="c">Vietnam</subfield>
    <subfield code="e">Long Xuyên (Hanoi, Vietnam)</subfield>
  </datafield>
  <datafield tag="372" ind1=" " ind2=" ">
    <subfield code="a">Communist party work</subfield>
    <subfield code="a">Propaganda, Communist</subfield>
    <subfield code="2">lcsh</subfield>
  </datafield>
  <datafield tag="377" ind1=" " ind2=" ">
    <subfield code="a">vie</subfield>
  </datafield>
  <datafield tag="670" ind1=" " ind2=" ">
    <subfield code="a">Lịch sử cách mạng Đảng bộ và nhân dân xã Long Xuyên (1930-2008), 2009:</subfield>
    <subfield code="b">title page (Đảng bộ xã Long Xuyên) page 3 (xã Long Xuyên, huyện Phúc Thọ, thành phố Hà Nội)</subfield>
  </datafield>
</record>